@inproceedings{DBLP:conf/aips/HaraborG14,
  author    = {Daniel Damir Harabor and
               Alban Grastien},
  title     = {Improving Jump Point Search},
  booktitle = {Proceedings of the Twenty-Fourth International Conference on Automated
               Planning and Scheduling, {ICAPS} 2014, Portsmouth, New Hampshire,
               USA, June 21-26, 2014},
  year      = {2014},
  crossref  = {DBLP:conf/aips/2014},
  url       = {http://www.aaai.org/ocs/index.php/ICAPS/ICAPS14/paper/view/7914},
  timestamp = {Thu, 19 Nov 2015 08:52:28 +0100},
  biburl    = {http://dblp.org/rec/bib/conf/aips/HaraborG14},
  bibsource = {dblp computer science bibliography, http://dblp.org}
}


@inproceedings{DBLP:conf/ijcai/SturtevantR16,
  author    = {Nathan R. Sturtevant and
               Steve Rabin},
  title     = {Canonical Orderings on Grids},
  booktitle = {Proceedings of the Twenty-Fifth International Joint Conference on
               Artificial Intelligence, {IJCAI} 2016, New York, NY, USA, 9-15 July
               2016},
  pages     = {683--689},
  year      = {2016},
  crossref  = {DBLP:conf/ijcai/2016},
  url       = {http://www.ijcai.org/Abstract/16/103},
  timestamp = {Fri, 15 Jul 2016 15:58:28 +0200},
  biburl    = {http://dblp.org/rec/bib/conf/ijcai/SturtevantR16},
  bibsource = {dblp computer science bibliography, http://dblp.org}
}


@inproceedings{DBLP:conf/aaai/RabinS16,
  author    = {Steve Rabin and
               Nathan R. Sturtevant},
  title     = {Combining Bounding Boxes and {JPS} to Prune Grid Pathfinding},
  booktitle = {Proceedings of the Thirtieth {AAAI} Conference on Artificial Intelligence,
               February 12-17, 2016, Phoenix, Arizona, {USA.}},
  pages     = {746--752},
  year      = {2016},
  crossref  = {DBLP:conf/aaai/2016},
  url       = {http://www.aaai.org/ocs/index.php/AAAI/AAAI16/paper/view/12336},
  timestamp = {Wed, 05 Apr 2017 12:53:50 +0200},
  biburl    = {http://dblp.org/rec/bib/conf/aaai/RabinS16},
  bibsource = {dblp computer science bibliography, http://dblp.org}
}


@inproceedings{DBLP:conf/alenex/LarkinST14,
  author    = {Daniel H. Larkin and
               Siddhartha Sen and
               Robert Endre Tarjan},
  title     = {A Back-to-Basics Empirical Study of Priority Queues},
  booktitle = {2014 Proceedings of the Sixteenth Workshop on Algorithm Engineering
               and Experiments, {ALENEX} 2014, Portland, Oregon, USA, January 5,
               2014},
  pages     = {61--72},
  year      = {2014},
  crossref  = {DBLP:conf/alenex/2014},
  url       = {https://doi.org/10.1137/1.9781611973198.7},
  doi       = {10.1137/1.9781611973198.7},
  timestamp = {Tue, 25 Jul 2017 16:35:22 +0200},
  biburl    = {http://dblp.org/rec/bib/conf/alenex/LarkinST14},
  bibsource = {dblp computer science bibliography, http://dblp.org}
}


@inproceedings{DBLP:conf/ijcai/ChenHZS17,
  author    = {Jingwei Chen and
               Robert C. Holte and
               Sandra Zilles and
               Nathan R. Sturtevant},
  title     = {Front-to-End Bidirectional Heuristic Search with Near-Optimal Node
               Expansions},
  booktitle = {Proceedings of the Twenty-Sixth International Joint Conference on
               Artificial Intelligence, {IJCAI} 2017, Melbourne, Australia, August
               19-25, 2017},
  pages     = {489--495},
  year      = {2017},
  crossref  = {DBLP:conf/ijcai/2017},
  url       = {https://doi.org/10.24963/ijcai.2017/69},
  doi       = {10.24963/ijcai.2017/69},
  timestamp = {Tue, 15 Aug 2017 14:48:05 +0200},
  biburl    = {http://dblp.org/rec/bib/conf/ijcai/ChenHZS17},
  bibsource = {dblp computer science bibliography, http://dblp.org}
}

@book{9thdimacs,
  title={The Shortest Path Problem: Ninth DIMACS Implementation Challenge},
  author={Demetrescu, Camil and Goldberg, Andrew V and Johnson, David S},
  volume={74},
  year={2009},
  publisher={American Mathematical Soc.}
}
